<record><leader>00000cas a22000007a 4500</leader><controlfield tag="001">23291147</controlfield><controlfield tag="008">910325d18771881mnudr ne      0    0ger d</controlfield><datafield ind1=" " ind2=" " tag="010"><subfield code="a">sn 90059683 </subfield></datafield><datafield ind1=" " ind2=" " tag="040"><subfield code="a">MN#</subfield><subfield code="b">eng</subfield><subfield code="c">MN#</subfield><subfield code="d">OCLCQ</subfield><subfield code="d">OCLCF</subfield><subfield code="d">OCLCO</subfield></datafield><datafield ind1=" " ind2=" " tag="042"><subfield code="a">msc</subfield></datafield><datafield ind1=" " ind2=" " tag="043"><subfield code="a">n-us-mn</subfield></datafield><datafield ind1=" " ind2=" " tag="052"><subfield code="a">4144</subfield><subfield code="b">S4</subfield></datafield><datafield ind1="0" ind2=" " tag="130"><subfield code="a">Volkszeitung (Saint Paul, Minn. : Daily ed.)</subfield></datafield><datafield ind1="1" ind2="4" tag="245"><subfield code="a">Die Volkszeitung.</subfield></datafield><datafield ind1="3" ind2="0" tag="246"><subfield code="a">Minnehaha</subfield></datafield><datafield ind1=" " ind2=" " tag="260"><subfield code="a">St. Paul [Minn.] :</subfield><subfield code="b">C.H. Lienau,</subfield><subfield code="c">-1881.</subfield></datafield><datafield ind1=" " ind2=" " tag="300"><subfield code="a">v.</subfield></datafield><datafield ind1=" " ind2=" " tag="310"><subfield code="a">Daily (Sun-Fri.)</subfield></datafield><datafield ind1="1" ind2=" " tag="362"><subfield code="a">Began in Sept. 1877.</subfield></datafield><datafield ind1="0" ind2=" " tag="362"><subfield code="a">-Jahrg. 5., no. 778 (28. Nov. 1881.).</subfield></datafield><datafield ind1=" " ind2=" " tag="500"><subfield code="a">On Sundays published as: Minnehaha; "Sonntagsblatt der Volkszeitung" on bannerhead ornament.</subfield></datafield><datafield ind1=" " ind2=" " tag="530"><subfield code="a">Available on microfilm from the Minnesota Historical Society.</subfield></datafield><datafield ind1=" " ind2=" " tag="546"><subfield code="a">In German.</subfield></datafield><datafield ind1=" " ind2=" " tag="588"><subfield code="a">Description based on: Jahrg. 2, no. 116. (1. Mai 1879).</subfield></datafield><datafield ind1=" " ind2="0" tag="650"><subfield code="a">Germans</subfield><subfield code="z">Minnesota</subfield><subfield code="v">Newspapers.</subfield></datafield><datafield ind1=" " ind2="0" tag="651"><subfield code="a">Saint Paul (Minn.)</subfield><subfield code="v">Newspapers.</subfield></datafield><datafield ind1=" " ind2="7" tag="655"><subfield code="a">Newspapers.</subfield><subfield code="2">fast</subfield><subfield code="0">(OCoLC)fst01423814</subfield></datafield><datafield ind1=" " ind2="7" tag="650"><subfield code="a">Germans.</subfield><subfield code="2">fast</subfield><subfield code="0">(OCoLC)fst00942100</subfield></datafield><datafield ind1=" " ind2="7" tag="651"><subfield code="a">Minnesota.</subfield><subfield code="2">fast</subfield><subfield code="0">(OCoLC)fst01204560</subfield></datafield><datafield ind1=" " ind2="7" tag="651"><subfield code="a">Minnesota</subfield><subfield code="z">Saint Paul.</subfield><subfield code="2">fast</subfield><subfield code="0">(OCoLC)fst01212130</subfield></datafield><datafield ind1=" " ind2=" " tag="752"><subfield code="a">United States</subfield><subfield code="b">Minnesota</subfield><subfield code="c">Ramsey</subfield><subfield code="d">Saint Paul.</subfield></datafield><datafield ind1="0" ind2=" " tag="775"><subfield code="t">Volkszeitung (Saint Paul, Minn. : Weekly ed.)</subfield><subfield code="w">(DLC)sn 90059633</subfield></datafield><datafield ind1="0" ind2="4" tag="780"><subfield code="t">Ta&#776;gliches Minnesota Volksblatt</subfield><subfield code="w">(DLC)sn 90059577</subfield></datafield><datafield ind1="0" ind2="4" tag="780"><subfield code="t">Minnesota Staats-Zeitung (Saint Paul, Minn. : 1867)</subfield><subfield code="w">(DLC)sn 85025589</subfield></datafield><datafield ind1="0" ind2="0" tag="785"><subfield code="t">Ta&#776;gliche Volkszeitung</subfield><subfield code="w">(DLC)sn 90059684</subfield></datafield></record>